<?xml version="1.0" encoding="UTF-8"?><collection xmlns="http://www.loc.gov/MARC21/slim"><record><leader>00444nam--2200133-i-4500</leader><controlfield tag="001">000019214</controlfield><controlfield tag="002">20161230</controlfield><controlfield tag="005">20161230201033</controlfield><controlfield tag="008">060222s1000------------r-----000-0-eng-d</controlfield><datafield ind1=" " ind2=" " tag="080"><subfield code="a">621.039.51</subfield></datafield><datafield ind1=" " ind2=" " tag="245"><subfield code="a">Kernreaktortheorie.eine einfuhrung.ins deutsche ubersetz und bearbeitet von dr.glaser w. und dr.grumm, h</subfield></datafield><datafield ind1=" " ind2=" " tag="260"><subfield code="a">Wien, Springer-verlag, 1961. X + 341 P. Mit 82 Textabbildungen</subfield></datafield><datafield ind1=" " ind2=" " tag="700"><subfield code="a">Edlund, M.C. Und Glasstone, S</subfield></datafield><datafield ind1=" " ind2=" " tag="852"><subfield code="a">33725</subfield></datafield></record></collection>